<record><leader>00000cas a22000007a 4500</leader><controlfield tag="001">21427864</controlfield><controlfield tag="008">900425d18711899moudn ne      0    0eng d</controlfield><datafield ind1=" " ind2=" " tag="010"><subfield code="a">sn 90061580 </subfield></datafield><datafield ind1=" " ind2=" " tag="040"><subfield code="a">MQN</subfield><subfield code="b">eng</subfield><subfield code="c">MQN</subfield><subfield code="d">OCLCQ</subfield></datafield><datafield ind1=" " ind2=" " tag="042"><subfield code="a">msc</subfield></datafield><datafield ind1="0" ind2=" " tag="130"><subfield code="a">Daily tribune (Jefferson City, Mo.)</subfield></datafield><datafield ind1="1" ind2="4" tag="245"><subfield code="a">The daily tribune.</subfield></datafield><datafield ind1=" " ind2=" " tag="260"><subfield code="a">Jefferson City, Mo. :</subfield><subfield code="b">Regan &amp; Carter</subfield></datafield><datafield ind1=" " ind2=" " tag="300"><subfield code="a">v.</subfield></datafield><datafield ind1=" " ind2=" " tag="310"><subfield code="a">Daily (except Mon.)</subfield></datafield><datafield ind1="1" ind2=" " tag="362"><subfield code="a">Began in 1871?</subfield></datafield><datafield ind1="0" ind2=" " tag="362"><subfield code="a">-v. 23, no. 1 (Jan. 1, 1899).</subfield></datafield><datafield ind1=" " ind2=" " tag="515"><subfield code="a">Numbering is irregular.</subfield></datafield><datafield ind1=" " ind2=" " tag="580"><subfield code="a">Weekly eds.: Peoples' tribune (Jefferson City, Mo. : 1865), &lt;Dec. 11, 1871&gt;-Dec. 26, 1883; Jefferson City tribune (Jefferson City, Mo. : 1884), Jan. 2, 1884-Jan. 1, 1899.</subfield></datafield><datafield ind1=" " ind2=" " tag="588"><subfield code="a">Description based on: Vol. 1, no. 5 (Dec. 11, 1871).</subfield></datafield><datafield ind1=" " ind2=" " tag="752"><subfield code="a">United States</subfield><subfield code="b">Missouri</subfield><subfield code="c">Cole</subfield><subfield code="d">Jefferson City.</subfield></datafield><datafield ind1="1" ind2=" " tag="775"><subfield code="t">Peoples' tribune (Jefferson City, Mo. : 1865)</subfield><subfield code="w">(DLC)sn 85033949</subfield></datafield><datafield ind1="1" ind2=" " tag="775"><subfield code="t">Jefferson City tribune (Jefferson City, Mo. : 1884)</subfield><subfield code="w">(DLC)sn 90061587</subfield></datafield><datafield ind1="0" ind2="0" tag="785"><subfield code="t">State tribune (Jefferson City, Mo.)</subfield><subfield code="w">(DLC)sn 90061581</subfield></datafield><datafield ind1="1" ind2=" " tag="029"><subfield code="a">AU@</subfield><subfield code="b">000025853063</subfield></datafield></record>